%% =============================================================================
%% Foundational Papers (Axelrod, Hardin, etc.)
%% =============================================================================

@book{Axelrod1984Evolution,
  author    = {Axelrod, Robert M.},
  title     = {The Evolution of Cooperation},
  publisher = {Basic Books},
  year      = {1984},
  address   = {New York}
}

@article{Axelrod1981Evolution,
  author    = {Axelrod, Robert and Hamilton, William D.},
  title     = {The Evolution of Cooperation},
  journal   = {Science},
  volume    = {211},
  number    = {4489},
  pages     = {1390--1396},
  year      = {1981},
  publisher = {American Association for the Advancement of Science},
  doi       = {10.1126/science.7466396}
}

@article{Hardin1968Tragedy,
  author    = {Hardin, Garrett},
  title     = {The Tragedy of the Commons},
  journal   = {Science},
  volume    = {162},
  number    = {3859},
  pages     = {1243--1248},
  year      = {1968},
  publisher = {American Association for the Advancement of Science},
  doi       = {10.1126/science.162.3859.1243}
}

%% =============================================================================
%% N-Person Dilemmas and Group Reciprocity
%% =============================================================================

@article{Boyd1988Reciprocity,
  author    = {Boyd, Robert and Richerson, Peter J.},
  title     = {The evolution of reciprocity in sizable groups},
  journal   = {Journal of Theoretical Biology},
  volume    = {132},
  number    = {3},
  pages     = {337--356},
  year      = {1988},
  doi       = {10.1016/S0022-5193(88)80219-4}
}

@article{Dawes1980Dilemmas,
  author    = {Dawes, Robyn M.},
  title     = {Social Dilemmas},
  journal   = {Annual Review of Psychology},
  volume    = {31},
  pages     = {169--193},
  year      = {1980},
  doi       = {10.1146/annurev.ps.31.020180.001125}
}

@article{Grujic2012Crowd,
  author    = {Gruji{\'{c}}, Jelena and Eke, Bego{\~{n}}a and Cabrales, Antonio and Cuesta, Jos{\'{e}} A. and S{\'{a}}nchez, Angel},
  title     = {Three is a crowd in iterated prisoner's dilemmas: experimental evidence on reciprocal behavior},
  journal   = {Scientific Reports},
  volume    = {2},
  number    = {1},
  pages     = {638},
  year      = {2012},
  doi       = {10.1038/srep00638}
}

@article{Hamburger1973NIPD,
  author    = {Hamburger, Henry},
  title     = {N-person prisoner's dilemma},
  journal   = {Journal of Mathematical Sociology},
  volume    = {3},
  number    = {1},
  pages     = {27--48},
  year      = {1973},
  doi       = {10.1080/0022250X.1973.9989828}
}

@article{Hardin1971Collective,
  author    = {Hardin, Russell},
  title     = {Collective action as an agreeable n-prisoners' dilemma},
  journal   = {Behavioral Science},
  volume    = {16},
  number    = {5},
  pages     = {472--481},
  year      = {1971},
  doi       = {10.1002/bs.3830160507}
}

@book{Olson1965Logic,
  author    = {Olson, Mancur},
  title     = {The Logic of Collective Action: Public Goods and the Theory of Groups},
  publisher = {Harvard University Press},
  year      = {1965},
  address   = {Cambridge, MA}
}

@article{Panchanathan2004Punishment,
  author    = {Panchanathan, Karthik and Boyd, Robert},
  title     = {Indirect reciprocity can stabilize cooperation without the second-order free-rider problem},
  journal   = {Nature},
  volume    = {432},
  pages     = {499--502},
  year      = {2004},
  doi       = {10.1038/nature02978}
}

%% =============================================================================
%% Strategy Design (Thresholds, Forgiveness, Memory)
%% =============================================================================

@article{Axelrod1988Cope,
  author    = {Axelrod, Robert and Dion, Douglas},
  title     = {The Further Evolution of Cooperation},
  journal   = {Science},
  volume    = {242},
  number    = {4884},
  pages     = {1385--1390},
  year      = {1988},
  doi       = {10.1126/science.3194607}
}

@article{Nowak1992GTFT,
  author    = {Nowak, Martin A. and Sigmund, Karl},
  title     = {Tit for tat in heterogeneous populations},
  journal   = {Nature},
  volume    = {355},
  pages     = {250--253},
  year      = {1992},
  doi       = {10.1038/355250a0}
}

@article{Pinheiro2014AoN,
  author    = {Pinheiro, Francisco C. and Pacheco, Jorge M. and Santos, Francisco C.},
  title     = {Evolution of All-or-None Strategies in Repeated Public Goods Dilemmas},
  journal   = {PLoS Computational Biology},
  volume    = {10},
  number    = {11},
  pages     = {e1003945},
  year      = {2014},
  doi       = {10.1371/journal.pcbi.1003945}
}

@article{Press2012ZDS,
    author  = {Press, William H. and Dyson, Freeman J.},
    title   = {Iterated Prisoner's Dilemma contains strategies that dominate any evolutionary opponent},
    journal = {Proceedings of the National Academy of Sciences},
    volume  = {109},
    number  = {26},
    pages   = {10409--10413},
    year    = {2012},
    doi     = {10.1073/pnas.1206569109}
}

%% =============================================================================
%% Network Reciprocity and General Cooperation Theory
%% =============================================================================

@article{Nowak2006FiveRules,
  author    = {Nowak, Martin A.},
  title     = {Five Rules for the Evolution of Cooperation},
  journal   = {Science},
  volume    = {314},
  number    = {5805},
  pages     = {1560--1563},
  year      = {2006},
  doi       = {10.1126/science.1133755}
}

%% =============================================================================
%% ABM and MARL Foundational Papers
%% =============================================================================

@book{Gilbert2007ABM,
  author    = {Gilbert, Nigel},
  title     = {Agent-Based Models},
  series    = {Quantitative Applications in the Social Sciences},
  publisher = {Sage Publications},
  year      = {2007},
  address   = {Thousand Oaks, CA}
}

@article{Macal2010ABM,
  author    = {Macal, Charles M. and North, Michael J.},
  title     = {Tutorial on agent-based modelling and simulation},
  journal   = {Journal of Simulation},
  volume    = {4},
  number    = {3},
  pages     = {151--162},
  year      = {2010},
  doi       = {10.1057/jos.2010.3}
}

@book{SuttonBarto2018RL,
  author    = {Sutton, Richard S. and Barto, Andrew G.},
  title     = {Reinforcement Learning: An Introduction},
  edition   = {2nd},
  publisher = {The MIT Press},
  year      = {2018},
  address   = {Cambridge, MA}
}

@article{Busoniu2008MARL,
  author    = {Bu{\c{s}}oniu, Lucian and Babu{\v{s}}ka, Robert and De Schutter, Bart},
  title     = {A comprehensive survey of multiagent reinforcement learning},
  journal   = {IEEE Transactions on Systems, Man, and Cybernetics, Part C (Applications and Reviews)},
  volume    = {38},
  number    = {2},
  pages     = {156--172},
  year      = {2008},
  doi       = {10.1109/TSMCC.2007.913919}
}

@inproceedings{Matignon2007HysQ,
  author    = {Matignon, Laetitia and Laurent, Guillaume J. and Le Fort-Piat, Nadine},
  title     = {Hysteretic Q-learning: An algorithm for decentralized reinforcement learning in cooperative multi-agent teams},
  booktitle = {Proceedings of the 2007 IEEE/RSJ International Conference on Intelligent Robots and Systems},
  pages     = {64--69},
  year      = {2007},
  address   = {San Diego, CA, USA},
  doi       = {10.1109/IROS.2007.4399088}
}

@article{Bowling2002WolfPHC,
  author    = {Bowling, Michael and Veloso, Manuela},
  title     = {Multiagent learning using a variable learning rate},
  journal   = {Artificial Intelligence},
  volume    = {136},
  number    = {2},
  pages     = {215--250},
  year      = {2002},
  doi       = {10.1016/S0004-3702(02)00121-X}
}