@book{Axelrod1984book,
  author    = {Axelrod, Robert M.},
  title     = {The Evolution of Cooperation},
  publisher = {Basic Books},
  year      = {1984},
  address   = {New York}
}

@article{Axelrod1980JCRa,
  author    = {Axelrod, Robert},
  title     = {Effective choice in the Prisoner's Dilemma},
  journal   = {Journal of Conflict Resolution},
  volume    = {24},
  number    = {1},
  pages     = {3--25},
  year      = {1980}
}

@article{Axelrod1980JCRb,
  author    = {Axelrod, Robert},
  title     = {More effective choice in the Prisoner's Dilemma},
  journal   = {Journal of Conflict Resolution},
  volume    = {24},
  number    = {3},
  pages     = {379--403},
  year      = {1980}
}

@article{Axelrod, % This is your original Axelrod & Hamilton 1981 entry
   author =     "R. Axelrod and W. Hamilton",
   title =      "The Evolution of Cooperation",
   journal =    "Science",
   year =       "1981",
   volume =     "211",
   number =     "4489",
   pages =      "1390--1396"
}

@article{Hamburger1973nipd,
  author    = {Hamburger, Henry},
  title     = {N-person prisoner's dilemma},
  journal   = {Journal of Mathematical Sociology},
  volume    = {3},
  number    = {1},
  pages     = {27--48},
  year      = {1973}
}

@article{Hardin1971nipd,
  author    = {Hardin, Russell},
  title     = {Collective action as an agreeable n-prisoner's dilemma},
  journal   = {Behavioral Science},
  volume    = {16},
  number    = {5},
  pages     = {472--481},
  year      = {1971}
}

@article{Hardin1968tragedy,
  author    = {Hardin, Garrett},
  title     = {The Tragedy of the Commons},
  journal   = {Science},
  volume    = {162},
  number    = {3859},
  pages     = {1243--1248},
  year      = {1968}
}

@book{Gilbert2007abm,
  author    = {Gilbert, Nigel},
  title     = {Agent-Based Models},
  series    = {Quantitative Applications in the Social Sciences},
  publisher = {Sage Publications},
  year      = {2007},
  address   = {Thousand Oaks, CA}
}

@article{Macal2010abm,
  author    = {Macal, Charles M. and North, Michael J.},
  title     = {Tutorial on agent-based modelling and simulation},
  journal   = {Journal of Simulation},
  volume    = {4},
  number    = {3},
  pages     = {151--162},
  year      = {2010}
}

@book{SuttonBarto2018rl,
  author    = {Sutton, Richard S. and Barto, Andrew G.},
  title     = {Reinforcement Learning: An Introduction},
  edition   = {Second},
  publisher = {The MIT Press},
  year      = {2018},
  address   = {Cambridge, MA}
}

@article{Busoniu2008marl,
  author    = {Bu{\c{s}}oniu, Lucian and Babu{\v{s}}ka, Robert and De Schutter, Bart},
  title     = {A comprehensive survey of multiagent reinforcement learning},
  journal   = {IEEE Transactions on Systems, Man, and Cybernetics, Part C (Applications and Reviews)},
  volume    = {38},
  number    = {2},
  pages     = {156--172},
  year      = {2008}
}

@inproceedings{Matignon2007hysq,
  author    = {Matignon, L. and Laurent, G. J. and Le Fort-Piat, N.},
  title     = {Hysteretic Q-learning: an algorithm for decentralized reinforcement learning in cooperative multi-agent teams},
  booktitle = {Proceedings of the IEEE International Conference on Robotics and Automation (ICRA)},
  pages     = {64--69},
  year      = {2007},
  address   = {Rome, Italy}
}

@inproceedings{Bowling2002wolf,
  author    = {Bowling, Michael and Veloso, Manuela},
  title     = {{WoLF} Policy Hill-Climbing},
  booktitle = {Proceedings of the First International Joint Conference on Autonomous Agents and Multiagent Systems (AAMAS '02)},
  pages     = {372--379},
  year      = {2002},
  address   = {Bologna, Italy},
  publisher = {ACM}
}

@inproceedings{Huyck, % From your supervisor's original list/your .bib
  title={Learning categories with spiking nets and spike timing dependent 
         plasticity},
  author={C. Huyck},
  booktitle={SGAI 2020},
  pages={139--144},
  year={2020}
}

@inproceedings{Huyck-Samey, % From your supervisor's original list/your .bib
  title={Extended Category Learning with Spiking Nets and Spike Timing Dependent Plasticity},
  author={C. Huyck and C. Samey},
  booktitle={SGAI 2021},
  pages={33--43},
  year={2021}
}

@Inproceedings{HuyckErekpaine, % From your supervisor's original list/your .bib
   author =     "C. Huyck and O. Erekpaine",
   title =      "Competitive Learning with Spiking Nets and Spike Timing
                 Dependent Plasticity",
   booktitle =  "SGAI 2022",
   location =   "Cambridge, UK",
   year =       "2022",
   pages =      "153--166",
   publisher  =  "Springer"
}

@Article{Diehl, % From your supervisor's original list/your .bib
   author =     "P. Diehl and M. Cook",
   title =      "Unsupervised learning of digit recognition using 
                 spike-timing-dependent plasticity",
   journal =    "Frontiers in computational neuroscience",
   year =       "2015",
   volume =     "9",
   pages =      "99"
}